[gd_scene load_steps=20 format=2]

[ext_resource path="res://Scripts/Game.gd" type="Script" id=1]
[ext_resource path="res://Img/Background.png" type="Texture" id=2]
[ext_resource path="res://Img/Top2.png" type="Texture" id=3]
[ext_resource path="res://Img/Heart.png" type="Texture" id=4]
[ext_resource path="res://Font/Lobster.ttf" type="DynamicFontData" id=5]
[ext_resource path="res://Img/Reloj.png" type="Texture" id=6]
[ext_resource path="res://Img/Question2.png" type="Texture" id=7]
[ext_resource path="res://Img/Button2.png" type="Texture" id=8]
[ext_resource path="res://Sound/Questions.ogg" type="AudioStream" id=9]

[sub_resource type="DynamicFont" id=1]
size = 45
use_filter = true
font_data = ExtResource( 5 )

[sub_resource type="DynamicFont" id=2]
size = 35
use_filter = true
font_data = ExtResource( 5 )

[sub_resource type="DynamicFont" id=3]
size = 40
use_filter = true
font_data = ExtResource( 5 )

[sub_resource type="DynamicFont" id=4]
size = 25
use_filter = true
font_data = ExtResource( 5 )

[sub_resource type="DynamicFont" id=5]
size = 25
use_filter = true
font_data = ExtResource( 5 )

[sub_resource type="DynamicFont" id=6]
size = 25
use_filter = true
font_data = ExtResource( 5 )

[sub_resource type="DynamicFont" id=7]
size = 25
use_filter = true
font_data = ExtResource( 5 )

[sub_resource type="DynamicFont" id=8]
size = 25
use_filter = true
font_data = ExtResource( 5 )

[sub_resource type="StyleBoxFlat" id=9]
bg_color = Color( 0, 0, 0, 1 )

[sub_resource type="DynamicFont" id=10]
size = 50
use_filter = true
font_data = ExtResource( 5 )

[node name="Game" type="Node2D"]
script = ExtResource( 1 )

[node name="Background" type="Node2D" parent="."]
editor/display_folded = true
__meta__ = {
"_edit_lock_": true
}

[node name="Background" type="TextureRect" parent="Background"]
margin_right = 485.0
margin_bottom = 808.0
texture = ExtResource( 2 )
expand = true

[node name="Background_Top" type="TextureRect" parent="Background"]
margin_right = 482.0
margin_bottom = 80.0
texture = ExtResource( 3 )
expand = true

[node name="UI_Icons" type="Node2D" parent="."]
editor/display_folded = true
__meta__ = {
"_edit_lock_": true
}

[node name="Life" type="TextureRect" parent="UI_Icons"]
margin_left = 392.105
margin_top = 15.5514
margin_right = 448.105
margin_bottom = 65.5514
texture = ExtResource( 4 )
__meta__ = {
"_edit_lock_": true
}

[node name="Lbl_Life" type="Label" parent="UI_Icons/Life"]
margin_left = 16.9221
margin_top = -2.53679
margin_right = 41.9221
margin_bottom = 54.4632
custom_fonts/font = SubResource( 1 )
custom_colors/font_color = Color( 0.321569, 0.313726, 0.627451, 1 )
text = "3"
align = 1
valign = 1
__meta__ = {
"_edit_lock_": true
}

[node name="Time" type="TextureRect" parent="UI_Icons"]
editor/display_folded = true
margin_left = 228.165
margin_top = 10.9003
margin_right = 268.165
margin_bottom = 50.9003
texture = ExtResource( 6 )
__meta__ = {
"_edit_lock_": true
}

[node name="Lbl_Time" type="Label" parent="UI_Icons/Time"]
margin_left = -6.38966
margin_top = 22.2425
margin_right = 33.6103
margin_bottom = 66.2425
custom_fonts/font = SubResource( 2 )
custom_colors/font_color = Color( 0.964706, 0.964706, 0.964706, 1 )
text = "20"
align = 1
valign = 1

[node name="Question" type="TextureRect" parent="UI_Icons"]
editor/display_folded = true
margin_left = 29.6975
margin_top = 125.92
margin_right = 453.698
margin_bottom = 400.92
texture = ExtResource( 7 )
__meta__ = {
"_edit_lock_": true
}

[node name="Lbl_Question" type="Label" parent="UI_Icons/Question"]
margin_left = 10.0
margin_top = 20.0
margin_right = 413.0
margin_bottom = 253.0
custom_fonts/font = SubResource( 3 )
text = "What is the simple past of the verb \"----\""
align = 1
valign = 1
autowrap = true

[node name="Lbl_Score" type="Label" parent="UI_Icons"]
margin_left = 32.2298
margin_top = 6.97987
margin_right = 96.2298
margin_bottom = 38.9799
custom_fonts/font = SubResource( 4 )
text = "Score:"
align = 1
valign = 1
__meta__ = {
"_edit_lock_": true
}

[node name="Lbl_Puntos" type="Label" parent="UI_Icons"]
margin_left = 32.2298
margin_top = 37.9311
margin_right = 96.2298
margin_bottom = 69.9311
custom_fonts/font = SubResource( 5 )
text = "0"
align = 1
valign = 1
__meta__ = {
"_edit_lock_": true
}

[node name="UI_Buttons" type="Node2D" parent="."]
editor/display_folded = true
__meta__ = {
"_edit_lock_": true
}

[node name="TB_Option1" type="TextureButton" parent="UI_Buttons"]
editor/display_folded = true
margin_left = 27.0
margin_top = 459.78
margin_right = 458.0
margin_bottom = 531.78
texture_normal = ExtResource( 8 )
expand = true

[node name="Lbl_Option1" type="Label" parent="UI_Buttons/TB_Option1"]
margin_left = 29.0
margin_top = 3.0
margin_right = 401.0
margin_bottom = 68.0
custom_fonts/font = SubResource( 6 )
text = "Perderse,Hechar de menos,Perder"
align = 1
valign = 1
autowrap = true

[node name="TB_Option2" type="TextureButton" parent="UI_Buttons"]
editor/display_folded = true
margin_left = 25.7723
margin_top = 564.137
margin_right = 456.772
margin_bottom = 636.137
texture_normal = ExtResource( 8 )
expand = true

[node name="Lbl_Option2" type="Label" parent="UI_Buttons/TB_Option2"]
margin_left = 29.0
margin_top = 3.0
margin_right = 401.0
margin_bottom = 68.0
custom_fonts/font = SubResource( 7 )
text = "Perderse,Hechar de menos,Perder"
align = 1
valign = 1
autowrap = true

[node name="TB_Option3" type="TextureButton" parent="UI_Buttons"]
editor/display_folded = true
margin_left = 20.8613
margin_top = 668.495
margin_right = 451.861
margin_bottom = 740.495
texture_normal = ExtResource( 8 )
expand = true

[node name="Lbl_Option3" type="Label" parent="UI_Buttons/TB_Option3"]
margin_left = 29.0
margin_top = 3.0
margin_right = 401.0
margin_bottom = 68.0
custom_fonts/font = SubResource( 8 )
text = "Perderse,Hechar de menos,Perder"
align = 1
valign = 1
autowrap = true

[node name="Timer" type="Timer" parent="."]
wait_time = 0.8

[node name="Final" type="Node2D" parent="."]
visible = false

[node name="Panel_Final" type="Panel" parent="Final"]
modulate = Color( 1, 1, 1, 0.780392 )
margin_top = -11.0
margin_right = 487.0
margin_bottom = 817.0
custom_styles/panel = SubResource( 9 )

[node name="Background_Final" type="TextureRect" parent="Final"]
editor/display_folded = true
margin_left = -58.0
margin_top = 328.0
margin_right = 541.0
margin_bottom = 458.0
texture = ExtResource( 3 )
expand = true

[node name="Lbl_Score_Final" type="Label" parent="Final/Background_Final"]
margin_left = 62.0
margin_right = 535.0
margin_bottom = 131.0
custom_fonts/font = SubResource( 10 )
text = "Your score is: \"----\""
align = 1
valign = 1
autowrap = true

[node name="Timer_Final" type="Timer" parent="Final"]

[node name="Audio_Fondo" type="AudioStreamPlayer" parent="."]
stream = ExtResource( 9 )
autoplay = true

[node name="Audio_Effects" type="AudioStreamPlayer" parent="."]

[connection signal="pressed" from="UI_Buttons/TB_Option1" to="." method="_on_TB_Option1_pressed"]
[connection signal="pressed" from="UI_Buttons/TB_Option2" to="." method="_on_TB_Option2_pressed"]
[connection signal="pressed" from="UI_Buttons/TB_Option3" to="." method="_on_TB_Option3_pressed"]
[connection signal="timeout" from="Timer" to="." method="_on_Timer_timeout"]
[connection signal="timeout" from="Final/Timer_Final" to="." method="_on_Timer_Final_timeout"]
